@inproceedings{collobert2008unified,
  title={A unified architecture for natural language processing: Deep neural networks with multitask learning},
  author={Collobert, Ronan and Weston, Jason},
  booktitle={Proceedings of the 25th international conference on Machine learning},
  pages={160--167},
  year={2008},
  organization={ACM}
}

@article{collobert2011natural,
  title={Natural language processing (almost) from scratch},
  author={Collobert, Ronan and Weston, Jason and Bottou, L{\'e}on and Karlen, Michael and Kavukcuoglu, Koray and Kuksa, Pavel},
  journal={Journal of Machine Learning Research},
  volume={12},
  number={Aug},
  pages={2493--2537},
  year={2011}
}

@inproceedings{mikolov2013distributed,
  title={Distributed representations of words and phrases and their compositionality},
  author={Mikolov, Tomas and Sutskever, Ilya and Chen, Kai and Corrado, Greg S and Dean, Jeff},
  booktitle={Advances in neural information processing systems},
  pages={3111--3119},
  year={2013}
}

@inproceedings{socher2013recursive,
  title={Recursive deep models for semantic compositionality over a sentiment treebank},
  author={Socher, Richard and Perelygin, Alex and Wu, Jean Y and Chuang, Jason and Manning, Christopher D and Ng, Andrew Y and Potts, Christopher},
  booktitle={Proceedings of the conference on empirical methods in natural language processing (EMNLP)},
  volume={1631},
  pages={1642},
  year={2013},
  organization={Citeseer}
}

@article{kim2014convolutional,
  title={Convolutional neural networks for sentence classification},
  author={Kim, Yoon},
  journal={arXiv preprint arXiv:1408.5882},
  year={2014}
}
@inproceedings{tang2014learning,
  title={Learning Sentiment-Specific Word Embedding for Twitter Sentiment Classification.},
  author={Tang, Duyu and Wei, Furu and Yang, Nan and Zhou, Ming and Liu, Ting and Qin, Bing},
  booktitle={ACL (1)},
  pages={1555--1565},
  year={2014}
}

@inproceedings{zhou2015end,
  title={End-to-end learning of semantic role labeling using recurrent neural networks},
  author={Zhou, Jie and Xu, Wei},
  booktitle={Proceedings of the Annual Meeting of the Association for Computational Linguistics},
  year={2015}
}

@article{song2016word,
  title={Word Embeddings, Sense Embeddings and their Application to Word Sense Induction},
  author={Song, Linfeng},
  year={2016}
}

@inproceedings{huang2012improving,
  title={Improving word representations via global context and multiple word prototypes},
  author={Huang, Eric H and Socher, Richard and Manning, Christopher D and Ng, Andrew Y},
  booktitle={Proceedings of the 50th Annual Meeting of the Association for Computational Linguistics: Long Papers-Volume 1},
  pages={873--882},
  year={2012},
  organization={Association for Computational Linguistics}
}

@inproceedings{chen2014unified,
  title={A Unified Model for Word Sense Representation and Disambiguation.},
  author={Chen, Xinxiong and Liu, Zhiyuan and Sun, Maosong},
  booktitle={EMNLP},
  pages={1025--1035},
  year={2014},
  organization={Citeseer}
}
@inproceedings{tian2014probabilistic,
  title={A Probabilistic Model for Learning Multi-Prototype Word Embeddings.},
  author={Tian, Fei and Dai, Hanjun and Bian, Jiang and Gao, Bin and Zhang, Rui and Chen, Enhong and Liu, Tie-Yan},
  booktitle={COLING},
  pages={151--160},
  year={2014}
}

@article{bengio2003neural,
  title={A neural probabilistic language model},
  author={Bengio, Yoshua and Ducharme, R{\'e}jean and Vincent, Pascal and Jauvin, Christian},
  journal={journal of machine learning research},
  volume={3},
  number={Feb},
  pages={1137--1155},
  year={2003}
}

@article{williams1986learning,
  title={Learning representations by back-propagating errors},
  author={Williams, DRGHR and Hinton, GE},
  journal={Nature},
  volume={323},
  pages={533--536},
  year={1986}
}

@article{gutmann2012noise,
  title={Noise-contrastive estimation of unnormalized statistical models, with applications to natural image statistics},
  author={Gutmann, Michael U and Hyv{\"a}rinen, Aapo},
  journal={Journal of Machine Learning Research},
  volume={13},
  number={Feb},
  pages={307--361},
  year={2012}
}



